@article{chen2016iching,
    title = {I-Ching Divination Evolutionary Algorithm and its Convergence Analysis},
    author = {Chen, C. L. Philip and Zhang, Tong and Chen, Long and Tam, Sik Chung},
    journal = {IEEE Transactions on Cybernetics},
    volume = {47},
    number = {1},
    pages = {1--12},
    year = {2016},
    month = jan,
    publisher = {Institute of Electrical and Electronics Engineers},
    doi = {10.1109/TCYB.2015.2512286},
    keywords = {evolutionary algorithms, I-Ching, optimization}
}

@article{zhang2021asnas,
    title = {AS-NAS: Adaptive Scalable Neural Architecture Search With Reinforced Evolutionary Algorithm for Deep Learning},
    author = {Zhang, Tong and Lei, Chunyu and Zhang, Zongyan and Meng, Xian-Bing and Chen, C. L. Philip},
    journal = {IEEE Transactions on Evolutionary Computation},
    volume = {25},
    number = {5},
    pages = {840--854},
    year = {2021},
    month = feb,
    publisher = {Institute of Electrical and Electronics Engineers},
    doi = {10.1109/TEVC.2021.3061466},
    keywords = {neural architecture search, evolutionary algorithms, deep learning, reinforcement learning}
}


@article{leibniz1703binary,
    author = {Leibniz, Gottfried Wilhelm Freiherr von},
    year = {1703},
    title = {Explication de l'Arithm{\'e}tique Binaire, qui se sert des seuls caract{\`e}res 0 et 1, avec des remarques sur son utilit{\'e}, et sur ce qu'elle donne le sens des anciennes figures Chinoises de Fohy},
    journal = {M{\'e}moires de l'Acad{\'e}mie Royale des Sciences},
    pages = {85--89},
    publisher = {Acad{\'e}mie Royale des Sciences},
    language = {french},
    note = {Original French title provided. English translation: "Explanation of binary arithmetic, which uses only the characters 0 and 1, with remarks on its usefulness and on what it gives us the meaning of the ancient Chinese figures of Fuxi"}
}


@article{schmidhuber2006developmental,
    author = {Schmidhuber, J{\"u}rgen},
    title = {Developmental robotics, optimal artificial curiosity, creativity, music, and the fine arts},
    journal = {Connection Science},
    volume = {18},
    number = {2},
    pages = {173--187},
    year = {2006},
    publisher = {Taylor \& Francis},
    doi = {10.1080/09540090600768658},
    url = {https://doi.org/10.1080/09540090600768658}
}


@book{smith2012iching,
    title={The {I Ching}: A Biography},
    author={Smith, Richard J.},
    year={2012},
    publisher={Princeton University Press},
    address={Princeton, NJ},
    isbn={9780691145099},
    pages={304},
    dimensions={4.5 x 7.5 in},
    series={Lives of Great Religious Books},
    note={7 halftones, 13 line illustrations}
}


@misc{finn2017modelagnosticmetalearningfastadaptation,
      title={Model-Agnostic Meta-Learning for Fast Adaptation of Deep Networks}, 
      author={Chelsea Finn and Pieter Abbeel and Sergey Levine},
      year={2017},
      eprint={1703.03400},
      archivePrefix={arXiv},
      primaryClass={cs.LG},
      url={https://arxiv.org/abs/1703.03400}, 
}


@article{Nielsen_2020,
   title={An Elementary Introduction to Information Geometry},
   volume={22},
   ISSN={1099-4300},
   url={http://dx.doi.org/10.3390/e22101100},
   DOI={10.3390/e22101100},
   number={10},
   journal={Entropy},
   publisher={MDPI AG},
   author={Nielsen, Frank},
   year={2020},
   month=sep, pages={1100} }

@misc{hutter2007universalalgorithmicintelligencemathematical,
      title={Universal Algorithmic Intelligence: A mathematical top->down approach}, 
      author={Marcus Hutter},
      year={2007},
      eprint={cs/0701125},
      archivePrefix={arXiv},
      primaryClass={cs.AI},
      url={https://arxiv.org/abs/cs/0701125}, 
}